4388 5772
1010 311 1219 443 -.erar

403 556 492 640 Ergo
515 573 703 646 quamquam
726 543 820 636 poulo
836 554 974 622 fortasse
998 555 1216 640 confidentius,
1241 575 1334 636 quam
1357 561 1498 638 peresa,
1522 575 1619 638 supra
1634 557 1759 622 locutus
1782 575 1850 624 sum
1873 577 1903 638 p.
1920 557 1980 638 VI,

246 688 353 748 tamen
376 701 603 766 huncquoque
625 700 705 762 quae
728 681 772 747 ibi
794 682 943 764 proposui
966 687 1022 750 aut
1051 701 1130 748 rara
1158 683 1234 750 mihi
1262 683 1412 750 videutm·
1444 688 1500 748 aut
1526 702 1604 748 roro
1627 683 1743 749 saltem
1765 682 1924 766 proxima,
1949 691 1982 750 at

246 829 328 876 nuuc
358 828 479 892 quoque
496 799 605 876 'credo
640 809 813 874 encomium
849 808 995 876 extitisse
1030 808 1185 874 Hieronis
1220 809 1305 874 inter
1339 825 1439 897 curuos
1474 814 1538 874 274
1572 814 1606 874 ct
1641 815 1703 874 272
1738 813 1772 876 et
1809 809 1981 876 encomium

246 933 423 1000 Ptolemaei
444 931 530 1000 inter
551 951 650 1000 anuos
667 940 730 1000 272
755 937 788 998 ot
804 927 923 1017 270⁹4).
962 908 1059 1000 Oerte
1076 932 1263 1000 Theocritus
1278 937 1443 1016 postquam
1463 934 1542 999 illud
1558 933 1679 1000 frustra
1702 935 1817 1000 obtulit
1832 935 1980 1016 Hieroni,

152 1045 153 1053 ¹
246 1059 367 1126 relictis
388 1057 556 1144 Syracusis
572 1059 803 1126 Alexandriam
826 1059 1071 1142 transmigravit
1086 1078 1187 1140 neque
1211 1064 1287 1125 ante
1311 1078 1427 1126 anuum
1444 1066 1506 1126 273
1530 1077 1632 1140 neque
1655 1064 1729 1139 post
1751 1079 1866 1126 anuum
1884 1067 1958 1126 270.

289 1325 292 1334 ὁ
402 1253 437 1322 ⁰⁴)
458 1257 497 1312 Gi
520 1257 600 1311 etiam
620 1255 848 1310 Wilamowitz,
887 1253 983 1324 Autig.
1003 1270 1028 1310 r.
1048 1255 1113 1309 Kar.
1131 1271 1158 1324 p.
1177 1257 1237 1310 220.
1257 1273 1282 1310 n.
1302 1259 1349 1311 41:
1390 1255 1449 1318 „eiu
1472 1256 1580 1324 gadicht
1602 1255 1646 1311 fiir
1664 1258 1713 1311 (len
1737 1257 1857 1325 dortigen
1875 1257 1982 1326 rhapso-

249 1347 371 1414 deuagon
390 1345 425 1400 ist
443 1347 489 1401 der
506 1347 615 1415 hymnos
634 1345 682 1400 auf
697 1345 780 1400 Delos
798 1361 851 1398 von
870 1345 1059 1408 Kallimaohos‚
1079 1344 1170 1400 dorin
1189 1346 1231 1399 die
1251 1345 1312 1398 Zeit
1330 1346 1376 1400 der
1393 1345 1600 1414 ptolemaisohou
1619 1346 1778 1414 suprematie
1796 1345 1864 1402 fult.
1901 1365 1930 1402 er
1947 1349 1982 1402 ist

247 1434 400 1491 bcaiuflusat
418 1437 499 1490 durch
518 1437 569 1490 den
587 1435 749 1490 Ptolemaiou
768 1435 813 1488 des
832 1433 998 1502 Theotimus,
1023 1435 1078 1487 ier
1095 1433 1179 1488 noch
1196 1435 1230 1490 iu
1249 1436 1310 1490 deu
1329 1435 1494 1503 siebziger
1508 1435 1631 1502 johren
1648 1437 1822 1504 gedichtet
1839 1439 1910 1492 iar.
