4388 5772
118 727 121 744 ¹
182 657 235 725 uel
258 661 362 739 certe,
386 657 414 724 si
435 660 669 726 monumentum
693 657 760 724 eius
783 657 823 724 sb
847 657 1113 726 Hermesianacte
1137 658 1172 724 in
1194 637 1298 726 tertio
1313 657 1395 726 libro
1418 657 1548 724 Leontii
1572 657 1655 741 2221
1678 655 1798 726 Athen.
1815 659 1917 726 XHI.

182 791 244 851 597
268 784 289 850 b
304 801 372 866 sqq.
396 801 428 850 2.
454 788 494 849 75
517 802 585 866 sqq.
610 787 883 852 commemoratum
905 802 977 866 non,
994 758 1036 850 'ut
1057 783 1157 850 multa
1180 783 1254 866 alia,
1271 783 1312 848 ab
1327 783 1387 848 hoc
1402 764 1496 868 poeta
1511 782 1618 849 fictum
1634 786 1684 850 est
1700 786 1733 849 et
1748 787 1821 876 post
1835 801 1916 850 mor·

180 911 245 974 tem
268 907 393 976 demum
414 907 566 975 Philetas·
586 907 614 974 si
637 909 667 975 ei
691 912 831 976 erectum
854 913 935 994 erat,
958 927 1058 991 usque
1081 896 1261 976 2122222
1285 915 1347 974 385
1377 915 1433 974 aot
1460 915 1524 975 383
1553 908 1681 991 degisse
1709 927 1766 974 cur
1792 927 1917 974 sumere

179 1051 241 1100 oon
268 1033 379 1119 liceat,
404 1033 547 1116 equidem
570 1052 632 1101 non
654 1033 816 1118 intellego.
861 1035 908 1100 m
930 1035 1119 1102 Theocritus
1142 1033 1256 1102 21122
1279 1036 1355 1100 ante
1379 1051 1495 1099 annom
1519 1039 1583 1098 295
1607 1033 1641 1100 in
1664 1033 1732 1099 eius
1749 1031 1917 1114 disciplina

179 1157 302 1243 luisset,
320 1159 418 1226 Coum
433 1158 581 1246 fortasse,
605 1179 646 1234 ue
661 1159 785 1227 incerta
801 1160 938 1247 quidem,
962 1161 1021 1228 221
1042 1159 1266 1228 verisimiliora
1289 1173 1483 1243 spernamus,
1508 1158 1601 1226 simul
1623 1178 1692 1225 cum
1708 1161 1916 1240 praeceptore

63 1377 87 1390 .-
178 1290 235 1350 aut
268 1283 363 1367 22212
393 1287 467 1368 post
499 1286 582 1365 bunc
617 1285 814 1368 reliquisset:
853 1286 936 1368 quod
967 1286 995 1353 si
1029 1285 1119 1352 nobis
1161 1285 1319 1369 sumimus,
1359 1284 1453 1352 nimis
1487 1285 1615 1367 longum
1644 1287 1771 1366 tempus
1800 1282 1916 1370 viginti

178 1409 273 1477 trium
303 1410 373 1478 fere
404 1401 557 1478 annomm
578 1409 613 1478 in
635 1411 746 1479 fuvo1e
769 1411 946 1494 potentium
977 1411 1100 1478 trustra
1130 1411 1312 1497 quaerendo
1342 1411 1498 1480 trivisset.
1551 1409 1665 1490 Neque
1694 1411 1770 1476 ante
1801 1427 1916 1474 annum

178 1511 242 1602 292
267 1534 322 1622 (22
345 1536 450 1620 dicam
473 1535 565 1623 290),
587 1537 616 1605 si
638 1557 691 1604 res
713 1557 811 1620 supra
832 1537 951 1605 allatas
974 1541 1167 1622 reputamus
1191 1538 1332 1604 scholam
1354 1555 1444 1603 suum
1467 1535 1593 1619 aperire
1615 1533 1720 1616 potnit
1734 1533 1915 1600 Erasistra·

178 1665 243 1729 tos:
268 1660 296 1728 si
318 1661 419 1746 igitur
439 1682 556 1732 revera
578 1681 641 1729 non
671 1663 913 1750 condiscipulus,
947 1663 1005 1730 sed
1031 1633 1231 1748 praeceptor
1253 1668 1324 1730 erat
1353 1661 1479 1745 Niciae,
1514 1661 1610 1727 etiam
1633 1661 1752 1744 [horum
1785 1659 1915 1725 duorum

177 1787 396 1854 commercium
422 1788 559 1856 vireium
582 1807 644 1856 non
666 1790 770 1872 potuit
792 1791 895 1858 locum
919 1791 1039 1857 habere
1061 1789 1125 1856 iam
1141 1793 1216 1855 ante
1232 1807 1348 1854 annum
1364 1794 1443 1854 295:
1468 1791 1503 1852 22
1518 1785 1591 1854 2212
1608 1787 1692 1852 hanc
1706 1803 1774 1852 rem
1788 1802 1915 1868 mgere,

176 1911 391 2014 necircolum
414 1913 447 1980 in
470 1913 715 1980 demonstrando
744 1913 861 1980 faciam
888 1920 944 1982 aut
971 1918 1086 1982 saltem
1119 1913 1170 2000 (ut
1199 1915 1282 1981 enim
1309 1913 1515 1982 Metrodorus
1546 1910 1752 1994 septuaginta
1779 1909 1915 1990 quinque

150 2013 152 2025 Α
177 2057 276 2105 annos
298 2043 392 2106 natus
415 2039 530 2106 Niciae
552 2039 708 2123 magister
729 2040 828 2108 inerit
850 2061 932 2108 anno
957 2049 1031 2124 295,
1054 2061 1095 2108 22
1117 2041 1177 2108 hoc
1200 2041 1326 2123 quidem
1353 2025 1528 2107 verisimile
1554 2035 1620 2129 est)
1651 2035 1760 2106 facere
1788 2034 1912 2104 videar.

275 2163 282 2177 ’
336 2181 416 2248 Cum
437 2187 544 2248 tamen
566 2183 599 2248 in
622 2189 692 2250 tota
714 2186 775 2251 hac
802 2187 1035 2270 computatione
1059 2205 1128 2252 cum
1153 2185 1249 2252 cortis
1272 2185 1376 2251 minus
1408 2187 1497 2250 certa
1524 2181 1693 2248 commixta
1722 2179 1796 2262 sint,
1826 2177 1914 2246 2112-

176 2323 265 2372 amos
288 2324 371 2404 anne
394 2325 412 2371 2
434 2306 511 2373 21212
534 2305 722 2375 Callimachi
745 2314 778 2376 et
800 2307 899 2377 Arati
923 2312 1061 2378 certiora
1091 2311 1164 2377 elici
1195 2313 1321 2391 queant.
1376 2310 1451 2376 Non
1478 2308 1605 2374 dubium
1636 2307 1695 2389 est,
1726 2305 1800 2386 quin
1832 2304 1915 2370 alter

176 2449 284 2524 eorum
307 2430 442 2501 alterum
465 2433 505 2500 de
528 2431 612 2530 facie
635 2435 829 2518 cognoverit,
853 2436 886 2503 id
909 2438 991 2518 quod
1014 2454 1167 2517 nusquam
1191 2435 1268 2500 alibi
1291 2453 1385 2516 posse
1406 2433 1470 2500 nisi
1485 2431 1625 2499 Athenis
1648 2429 1768 2496 iactum
1791 2424 1914 2513 222218)

174 2556 273 2637 probe
295 2555 455 2622 intellexit
476 2555 711 2645 1121122239)
735 2560 823 2628 vitae
846 2560 945 2628 Arati
967 2562 1108 2628 Latinae
1116 2558 1158 2647 4ο)
1180 2559 1231 2626 his
1255 2559 1363 2626 verbis
1385 2577 1476 2626 usus:
1499 2558 1602 2641 fociae
1624 2559 1794 2634 22222122
1816 2553 1915 2620 almis

175 2679 311 2748 221122
341 2680 497 2750 litteratas
518 2684 587 2749 oio:
620 2688 750 2752 12212122
780 2685 993 2754 Callimachus
1024 2687 1178 2754 2212121222
1206 2687 1235 2751 ca'
1265 2685 1304 2750 ob
1335 2683 1484 2769 imfoutio
1508 2687 1640 2767 propter
1671 2681 1915 2764 Prouiphcuero

175 2807 377 2892 1121112222.
424 2809 515 2896 Quae
538 2811 566 2876 si
590 2829 659 2878 cum
681 2811 750 2878 loco
773 2779 861 2879 21222
885 2812 1034 2880 Graecae
1059 2819 1088 2879 1.
1112 2832 1143 2894 p.
1169 2819 1220 2896 54,
1235 2816 1277 2877 74
1299 2829 1368 2892 222.
1385 2811 1440 2875 W.
1464 2810 1621 2895 μέμνηται
1642 2807 1719 2889 γοῦν
1742 2803 1840 2870 αὐτοῦ
1862 2801 1914 2866 καὶ

174 2931 378 3014 Καλλίμαχος
394 2927 435 3008 οἷς
450 2938 663 3018 πρεσβυτέρου
680 2933 718 3002 οὕ
741 2932 842 3018 μόνον
863 2935 899 3002 e’o
919 2944 983 3013 τοῖς
1008 2935 1251 3022 ἐπιγράμμασιν,
1277 2931 1358 3002 ἀλλὰ
1381 2932 1433 3000 καὶ
1456 2931 1491 2998 e'u
1513 2939 1575 3008 τοῖς
1598 2928 1676 3014 πρὸς
1692 2925 1913 3015 Πραξιφάνην,

92 3111 94 3122 ,
174 3051 259 3122 πάνυ
293 3053 431 3122 ἐπαινῶν
465 3054 561 3124 αὐτὸν
589 3055 630 3136 cic
653 3061 833 3148 πολυμαθῆ
854 3059 907 3126 noi
936 3053 1061 3147 ἄριστοι·
1090 3059 1225 3150 ποιητήν
1233 3057 1277 3146 41)
1312 3061 1552 3142 comparantur,
1584 3056 1672 3138 sequi
1699 3055 1828 3126 uidetur·
1858 3071 1913 3119 eos

177 3183 386 3197 Ἄ

332 3231 367 3305 ⁸²)
385 3237 461 3293 Inter
479 3255 562 3295 annos
579 3241 632 3295 348
650 3243 679 3295 22
702 3241 755 3298 349
779 3239 849 3296 diem
876 3241 934 3298 2122
960 3243 1076 3299 natalem
1102 3243 1178 3313 pouit
1205 3241 1416 3298 Ritsohelius
1443 3240 1497 3296 Die
1525 3237 1686 3295 2122221212.
1715 3235 1913 3298 Β1212212122,

175 3327 274 3396 02222.
292 3327 316 3383 Ι.
333 3343 359 3396 p.
379 3329 412 3382 66
433 3325 477 3394 (81
498 3326 557 3398 sq),
576 3329 817 3386 1222222222340
836 3335 864 3386 22
880 3333 932 3386 336
952 3331 1109 3388 Consiua.

331 3412 365 3486 ³⁸)
384 3417 444 3472 Nisi
474 3418 544 3474 forte
573 3419 761 3478 Callimachum
789 3432 892 3489 quoque
911 3423 1014 3478 credere
1045 3421 1168 3478 volumus
1192 3421 1220 3478 in
1239 3420 1276 3475 Co
1295 3420 1378 3476 fuisse
1403 3419 1476 3475 etin
1493 3417 1627 3487 Thalysiis
1646 3413 1828 3471 absconditum
1855 3426 1913 3466 esse

173 3503 223 3635 fob
248 3503 349 3562 Arietis
373 3507 513 3577 agnomine
536 3507 622 3564 Arato
647 3509 718 3566 illius
743 3511 854 3566 maxime
878 3511 1014 3568 familiaris
1034 3509 1080 3581 (99
1099 3511 1175 3580 sqq),
1195 3512 1270 3566 ouius
1288 3526 1368 3580 supra
1386 3508 1424 3579 (p.
1443 3507 1497 3577 Vl)
1515 3507 1675 3564 mentionem
1692 3504 1752 3559 ieci.
1789 3502 1842 3558 Sed
1860 3515 1913 3554 non
1997 3529 2000 3543 ‹

183 3596 237 3651 icet
254 3597 383 3653 hariolari.
971 3602 974 3618 ¹

331 3680 366 3755 81)
384 3687 442 3743 Der
458 3687 623 3758 griechische
641 3689 752 3757 Roman,
771 3689 846 3759 Lips.
865 3690 1126 3758 mnenonxxvl,
1144 3707 1171 3761 p.
1191 3691 1225 3744 99
1243 3705 1282 3757 sq.
1302 3705 1329 3745 n.
1347 3692 1373 3744 3.

328 3772 419 3846 10)11.
438 3779 473 3834 38
492 3793 548 3846 sqq.
565 3779 659 3849 Breys.

331 3861 366 3934 ⁴¹)
385 3866 428 3924 112
445 3867 486 3923 112
505 3867 614 3923 Graecis
632 3867 719 3926 verbis
732 3868 810 3924 simul
828 3868 959 3936 adhibitis,
979 3871 1030 3926 etsi
1047 3887 1099 3928 non
1118 3873 1197 3934 certo,
1214 3875 1305 3925 tamen
1317 3883 1376 3924 cum
1388 3865 1573 3936 probabilitate
1584 3866 1696 3934 quadam
1708 3861 1913 3918 concludendum

173 3969 231 4010 esse
249 3958 314 4024 puto
327 3955 523 4024 Praxiphunem
541 3961 572 4012 22
585 3957 740 4013 Callimachi
757 3958 796 4013 122
814 3958 895 4014 etiam
911 3958 990 4016 Arati
1008 3959 1092 4016 fuisse
1109 3963 1313 4030 praeceptorem,
1332 3958 1360 4012 11
1378 3957 1448 4026 quod
1465 3973 1512 4012 our
1529 3973 1561 4012 ex
1579 3955 1641 4011 solis
1660 3953 1771 4020 Latinis,
1792 3951 1913 4019 quemvis

173 4043 284 4113 simplex
295 4043 361 4100 haee
374 4045 497 4104 21122222
508 4062 598 4102 eorum
609 4062 658 4116 per
670 4064 698 4103 22
711 4051 890 4116 spectatorum
902 4065 960 4104 esse
972 4048 1110 4118 sententis,
1125 4049 1247 4118 colligere
1259 4065 1311 4104 non
1322 4047 1408 4114 liceat,
1421 4052 1493 4102 recte
1506 4046 1629 4116 exposuit
1640 4040 1806 4113 Rohdeufs¹
1829 4040 1913 4096 Haud

172 4138 395 4202 supervacaneum
414 4135 465 4192 erit
482 4141 602 4207 repetere
629 4153 696 4204 quae
720 4137 824 4206 scripsit
847 4138 890 4192 vir
912 4137 1091 4194 doctissimus:
1130 4139 1197 4202 „Die
1215 4136 1400 4204 nnbehttlflicb‚
1420 4137 1484 4192 aber
1500 4136 1600 4206 gewiss
1611 4133 1731 4190 wortlich
1742 4134 1913 4188 llbersetaten

174 4221 285 4284 „Worte
304 4223 461 4279 cochleares·
472 4223 505 4278 ob
516 4224 637 4294 insontia
648 4231 745 4294 meges
757 4225 904 4294 griechisoh
922 4232 992 4282 22222
1008 4228 1127 4296 gelantet
1144 4227 1230 4282 baben
1249 4221 1342 4280 22212
1358 4223 1533 4293 (technischer
1549 4222 1701 4290 12212221,
1720 4219 1914 4288 211122112-

173 4313 244 4378 „los
256 4301 299 4368 bei
316 4315 407 4369 Laert.
419 4299 454 4381 V,
469 4316 493 4382 9,
512 4313 646 4370 vielleioht
664 4316 731 4370 auch
750 4311 847 4383 συνών,
865 4315 951 4372 wobei
968 4333 1029 4372 man
1047 4333 1082 4372 an
1101 4317 1144 4372 212
1156 4315 1365 4372 Contubernium
1376 4317 1422 4371 122
1434 4315 1618 4370 Kallimachus
1629 4313 1684 4368 und
1696 4311 1797 4367 Aratus
1810 4311 1914 4365 denhen

174 4389 258 4472 „mog,
276 4402 327 4458 2212
343 4403 373 4458 12
389 4403 441 4458 122
458 4419 512 4459 222
528 4403 614 4460 Lehrs
633 4403 780 4460 Aristarch.
792 4422 818 4474 p.
831 4409 865 4460 16
884 4408 957 4462 211
974 4406 1148 4463 behandelten
1166 4403 1271 4474 311122)
1291 4402 1361 4475 αὐτῷ
1380 4405 1406 4458 he
1424 4407 1493 4473 νέου,
1512 4404 1567 4460 und
1585 4420 1613 4458 22
1626 4402 1735 4467 22122122,
1755 4401 1816 4456 1222
1829 4399 1914 4455 Κ2111-

173 4492 297 4556 „mochus
309 4491 380 4548 solch
392 4492 450 4548 eine
462 4493 778 4563 Jugendbskanntschuft
795 4495 843 4550 mit
859 4495 962 4552 Aratus
981 4499 1009 4548 ἐν
1027 4492 1159 4569 2122212
1175 4494 1352 4566 Πριιξιμάνην
1370 4492 1415 4548 τὸν
1427 4496 1608 4558 2221222122
1627 4490 1708 4562 (deun
1720 4489 1913 4546 1122221122]

173 4581 275 4652 „geben
288 4581 320 4652 ja
336 4582 407 4637 wohl
431 4581 473 4638 112
496 4583 669 4640 lateinischen
686 4584 781 4640 Worte
802 4589 911 4654 propter
937 4585 1134 4654 Promiphcocca
1156 4583 1311 4642 1111112222
1338 4585 1447 4641 wieder:
1466 4585 1521 4655 vgl.
1540 4584 1588 4640 212.
1607 4583 1656 4639 Ar.
1674 4583 1697 4638 Ι.
1716 4598 1742 4650 p.
1761 4581 1849 4648 2215
1868 4580 1912 4636 W.

173 4672 222 4736 ,0.
240 4671 419 4728 Schneider
437 4671 587 4740 CallimH,
606 4690 633 4742 p.
643 4675 696 4730 350
705 4677 760 4742 sq.“
801 4670 931 4743 [Concedo
950 4677 1008 4745 boo,
1028 4676 1078 4732 etsi
1095 4675 1174 4744 paulo
1191 4681 1252 4744 post
1269 4691 1296 4732 v.
1315 4676 1350 4731 42
1368 4690 1424 4743 sqq.
1447 4675 1579 4744 interpres
1602 4689 1650 4741 pro
1668 4675 1697 4724 ἐν
1716 4667 1752 4739 τῷ
1770 4665 1835 4738 nqis
1856 4666 1913 4721 Aci-

171 4762 260 4828 δωρον
277 4761 363 4818 reddit
380 4762 469 4832 potius
486 4761 516 4816 ia
534 4779 584 4832 qao
601 4761 689 4832 22221
706 4761 857 4819 1221222
876 4769 904 4821 22
921 4781 968 4834 pro
986 4757 1055 4835 apic
1067 4764 1200 4837 Ἀνιὶιχον
1217 4765 1303 4834 opud
1321 4765 1482 4820 12112122
1500 4769 1529 4820 22
1547 4767 1627 4820 antea
1642 4778 1669 4817 2.
1679 4764 1704 4818 8.
1723 4777 1772 4830 pro
1790 4753 1856 4830 πρὸς
1871 4747 1915 4810 rho

171 4851 274 4904 122122
292 4855 451 4923 κατηγορίας
465 4851 554 4922 opud
570 4849 676 4908 Zoilum
693 4854 869 4910 2222112222
886 4859 915 4910 22
932 4870 959 4910 2.
977 4856 1020 4910 34.
1038 4869 1085 4924 pro
1105 4852 1170 4928 πρὸς
1186 4855 1272 4908 τοῦτον
1289 4853 1377 4924 opud
1394 4851 1523 4922 222122]
1545 4851 1732 4916 „Wortlich
1749 4847 1912 4904 verstanien

172 4937 283 5002 ,1122222
295 4956 345 4998 uns
358 4941 461 4997 ireilich
473 4941 515 4998 die
528 4941 701 4999 lateinisches
713 4943 809 5000 Worte
826 4944 877 5000 den
894 4944 1077 5016 Praxiphunes
1095 4945 1134 5000 alr
1151 4947 1350 5014 gemeinsamen
1361 4946 1465 5000 Lehrer
1483 4945 1530 5000 des
1542 4941 1725 4998 Kallimachus
1743 4940 1798 4993 und
1810 4937 1912 4994 Aratus

171 5029 346 5093 „ersoheinen
364 5049 366 5052 ·
381 5031 474 5086 Durch
492 5030 543 5088 122
561 5029 661 5089 Zusatz
675 5031 830 5088 1111112222
847 5035 926 5102 wiri,
944 5034 1069 5105 beilltuhg
1086 5039 1192 5105 gesagt,
1210 5036 1251 5092 112
1270 5036 1459 5104 Vennuthung
1481 5051 1530 5090 nur
1547 5030 1768 5098 (1221222212,
1788 5031 1848 5086 dass
1866 5031 1913 5085 cles

171 5119 370 5184 „Kallimachos
388 5121 572 5191 Praxiphahes
592 5123 754 5186 ...cererem
768 5124 996 5180 Grammatiker““
1011 5141 1075 5192 war,
1094 5125 1163 5181 donn
1181 5125 1272 5182 diesen
1289 5129 1373 5182 neunt
1391 5125 1518 5180 Klemens
1536 5122 1720 5180 ausdrucklich
1740 5121 1816 5175 einen
1834 5121 1914 5190 Myti-

171 5209 287 5280 „lenseq
301 5211 421 5267 eruthnt
432 5211 507 5269 habe.
535 5211 624 5269 Wenn
641 5229 697 5270 nun
715 5214 771 5270 also
789 5215 971 5272 Kallimachus
982 5216 1039 5270 'mit
1056 5213 1144 5271 Arat
1160 5216 1188 5271 in
1203 5214 1393 5285 jugendlichen
1405 5216 1425 5270 J
1427 5215 1509 5270 ahren
1521 5213 1655 5283 irgendwo
1668 5210 1914 5281 zusammengelebt

172 5303 241 5369 ,122
261 5320 291 5358 22
308 5303 380 5358 kann
398 5314 459 5357 mun
478 5301 554 5358 12221
572 5302 724 5360 schwerlich
743 5319 776 5360 22
796 5305 872 5361 21222
891 5307 1006 5362 anderen
1025 5305 1075 5360 Ort
1092 5305 1131 5360 als
1149 5303 1259 5360 Athen
1277 5305 1394 5361 denken:
1414 5306 1483 5360 1222
1496 5305 1568 5359 ulisse
1586 5304 1665 5359 scalt
1686 5301 1722 5358 ist
1740 5301 1782 5356 ‹lie
1801 5301 1912 5370 sineigs,

170 5386 212 5452 „in
231 5390 276 5446 der
294 5391 477 5447 uachweislich
496 5391 595 5448 sowobl
616 5389 686 5447 Aret
711 5391 750 5450 als
769 5393 952 5451 Kallimachus
971 5395 1065 5450 einmal
1086 5395 1140 5450 sich
1160 5395 1330 5463 aufgshalteu
1348 5396 1443 5450 haben.
1480 5393 1513 5448 In
1532 5394 1631 5450 diesem
1648 5392 1723 5446 Folle
1741 5391 1832 5446 witrio
1851 5406 1912 5444 man
