4388 5772
909 407 1044 485 'XIV

129 651 190 712 que
212 632 272 697 hos
294 637 407 698 versus
430 629 534 696 videri
557 629 740 711 posteriore
756 630 880 696 demum
903 633 1045 711 tempore
1077 632 1117 696 ah
1148 650 1185 696 eo
1214 631 1341 697 additos
1373 651 1455 715 esse,
1483 633 1628 712 xattamen
1657 633 1727 713 ipso
1757 633 1867 700 mortis·
1931 704 1933 713 ,

130 754 318 822 Callimachi
340 759 491 836 tempore,
515 752 653 822 sirecte
675 756 735 822 1122
758 755 941 822 222121212
965 761 1028 824 240
1053 760 1086 822 21
1109 764 1172 823 235
1198 755 1445 838 circumscripsit
1467 756 1653 838 ConatuS,
1676 757 1867 838 Apollonius

130 880 181 947 his
216 879 346 946 calculis
378 879 528 948 adhibitis
561 879 685 946 1222212
719 880 841 946 demum
873 879 988 948 luisset
1019 879 1134 962 viginti
1165 882 1219 949 221
1250 881 1386 964 quinque
1416 865 1594 962 et‘viginti
1624 899 1786 965 annorum,
1817 881 1868 947 sin

127 1004 247 1072 rectius
269 1004 303 1070 id
326 1023 424 1086 nsque
447 1005 489 1070 ad
512 1023 611 1070 22222
635 1010 809 1070 230-225
834 1005 1025 1088 differemus,
1057 1025 1098 1072 ne
1131 1005 1177 1072 sic
1209 1005 1335 1086 quidem
1366 1009 1441 1072 tuno
1473 1006 1559 1074 ultra
1588 1005 1783 1072 tricesimum
1814 1007 1867 1074 221

132 1130 325 1198 tricesimum
349 1130 491 1212 quintum
513 1149 700 1220 progressus
723 1135 820 1197 esset¹
872 1130 993 1198 Contra
1024 1131 1052 1196 si
1083 1131 1225 1196 fabulam
1255 1105 1344 1196 illam
1375 1129 1588 1214 1221212222,
1618 1129 1698 1196 nihil
1725 1130 1865 1214 impedit,

129 1255 292 1336 quominus
314 1253 456 1337 longiore
479 1259 555 1320 ante
576 1255 825 1322 Eratosthenem
848 1259 989 1338 tempore
1013 1274 1094 1322 anno
1118 1255 1187 1322 iere
1210 1259 1274 1321 iam
1302 1261 1367 1322 290
1390 1255 1431 1321 12
1455 1255 1555 1321 21122
1586 1253 1712 1322 venerit
1734 1255 1867 1336 Apollo·

128 1381 209 1462 nius,
231 1383 268 1445 ut
285 1383 452 1446 'certamen
474 1379 564 1446 inter
582 1399 651 1446 eum
667 1386 715 1473 et
744 1381 973 1448 Callimachum
1002 1382 1066 1448 iam
1096 1382 1190 1462 paulo
1219 1385 1386 1464 postquam
1415 1379 1604 1446 Theocritus
1633 1376 1868 1448 Alexandriam

128 1505 288 1588 22122211,
309 1524 391 1586 anno
414 1504 483 1570 1212
508 1511 571 1572 272
594 1505 718 1574 1211122
741 1525 863 1574 sumere
886 1507 1035 1588 potuerit.
1081 1507 1237 1572 Fortasse
1260 1511 1369 1572 tamen
1383 1504 1511 1572 sufficit
1533 1503 1618 1570 diem
1641 1503 1710 1570 2122
1726 1505 1867 1570 natalem

129 1649 211 1696 anno
235 1630 304 1698 iere
328 1637 391 1696 280
415 1630 588 1715 impertire,
612 1636 648 1697 ut
671 1631 743 1698 rixa
765 1627 1016 1698 exarseritfere
1040 1651 1122 1698 anno
1146 1627 1273 1716 26271).
1320 1630 1475 1714 ’.1711212212
1491 1629 1573 1696 2212
1588 1629 1644 1696 vix
1660 1629 1867 1710 2212122222

129 1759 202 1822 ante
226 1774 342 1824 annum
366 1762 429 1822 255
454 1757 658 1824 crediderim:
681 1761 869 1854 1221112211
891 1757 938 1824 212
962 1758 1066 1824 212221
1089 1756 1289 1839 desiderium,
1314 1755 1398 1837 quod
1419 1757 1561 1837 poetam,
1585 1753 1613 1820 si
1642 1757 1730 1820 recte
1753 1755 1865 1839 sentio,

123 1870 217 1946 'tenet
239 1879 272 1944 in
294 1879 431 1950 vinculis
454 1879 577 1948 aulicae
600 1881 689 1948 21122
710 1882 774 1948 122
797 1887 1015 1950 senescentem
1037 1882 1213 1949 iuventutis
1236 1881 1375 1948 feliciter
1399 1899 1437 1946 22
1459 1880 1562 1945 libere
1584 1881 1747 1960 22122122.

287 2005 397 2072 Pauca
419 2005 521 2088 habeo
544 2023 625 2088 quae
648 2007 785 2076 adiciam
815 2009 855 2074 de
884 2008 1066 2092 Zenodoto,
1097 2006 1325 2090 Eratosthene,
1357 2003 1577 2088 Aristophane
1599 2003 1759 2087 Byzantio
1784 2003 1865 2070 21112.

129 2131 363 2228 Eratosthenes
387 2149 470 2197 anno
492 2131 562 2198 fere
586 2139 660 2214 270,
684 2151 753 2200 222
777 2133 990 2200 Callimachus
1018 2133 1182 2224 popularis
1212 2133 1276 2198 iam
1306 2151 1365 2214 per
1394 2131 1572 2213 complures
1602 2147 1701 2195 annos
1730 2128 1764 2194 iu
1794 2129 1868 2196 aula

128 2255 383 2322 Ptolemaeorum
399 2261 658 2341 commoraretur,
677 2263 772 2324 natus
787 2263 953 2340 postquam
975 2258 1009 2324 12
1031 2259 1109 2324 urbe
1131 2259 1217 2325 haud
1240 2257 1334 2324 dubie
1357 2257 1465 2340 221112
1487 2255 1613 2340 Cyrene
1637 2275 1658 2322 a
1677 2254 1868 2338 Lysimacho

129 2381 346 2464 grammatico,
371 2381 424 2463 qui
446 2383 492 2448 ibi
513 2383 622 2450 sedam
645 2387 678 2449 et
701 2383 890 2450 domicilium
913 2383 1062 2466 hahebat,
1087 2383 1229 2450 fortasse
1253 2383 1349 2450 etiam
1372 2383 1446 2450 inde
1470 2381 1622 2450 oriundus
1645 2385 1725 2463 erat,
1742 2379 1867 2460 deinde,

128 2505 156 2571 si
179 2505 312 2588 omnino,
336 2510 371 2572 ut
394 2509 554 2590 narratur,
579 2504 767 2574 Callimachi
790 2507 958 2589 disciplina
981 2511 1147 2592 utebatur,
1180 2507 1402 2576 Alexandriae
1431 2510 1472 2574 ab
1501 2509 1561 2574 hoc
1593 2507 1662 2576 2112
1693 2505 1867 2574 2121122122

128 2629 270 2696 eruditus
293 2637 352 2714 est,
377 2629 515 2702 Athenis
531 2631 622 2716 vixit,
647 2633 747 2700 donec
769 2637 892 2699 mortuo
908 2632 1104 2702 Callimacho
1128 2637 1168 2702 ab
1183 2637 1349 2719 Euergete
1364 2635 1567 2716 praepositus
1590 2639 1640 2700 est
1655 2633 1867 2700 bibliothecae

128 2754 240 2820 maiori
255 2753 498 2825 Alexandrinae
507 2753 561 2842 77);
586 2759 646 2841 221,
668 2761 703 2824 21
718 2777 802 2826 2222
816 2759 942 2840 quidem
957 2764 1056 2840 patet,
1081 2760 1222 2842 praefuit
1244 2779 1341 2842 usque
1364 2760 1406 2824 ad
1429 2759 1512 2826 diem
1528 2777 1709 2840 supremum
1723 2761 1867 2824 senectu-

127 2886 192 2947 tem
215 2883 379 2965 octoginta
400 2883 491 2950 unius
514 2884 567 2951 vel
590 2885 755 2967 octoginta
778 2879 909 2950 duorum
932 2903 1085 2950 annorum
1109 2880 1295 2969 2112212277)
1318 2884 1403 2950 inter
1426 2881 1866 2950 22222201219621104.

128 3007 231 3092 Quam
253 2977 288 3073 in
310 3026 386 3091 rem,
410 3008 439 3074 si
462 3009 712 3091 Aristqphanem
735 3009 928 3092 Byzantium
950 3028 1013 3075 non
1033 3007 1196 3092 Apolloni,
1220 3009 1278 3076 sed
1295 3008 1522 3076 Eratosthenis
1538 3026 1753 3074 successorem
1768 3007 1868 3074 fuisse

127 3131 160 3196 12
183 3132 244 3198 hac
258 3131 452 3199 bibliotheca
475 3133 728 3200 administranda
749 3118 906 3216 22122112,
936 3134 1052 3215 221122
1069 3135 1214 3218 quadrat,
1231 3134 1314 3215 quod
1328 3133 1381 3200 hic
1395 3134 1447 3204 vir
1462 3135 1545 3199 11222
1567 3133 1866 3214 212212212212212

132 3253 1759 3342 82162211211212122112222211221212(1222,222112122211221212222112212222222222222221177).
1782 3258 1868 3326 Nam

128 3401 197 3448 eum
214 3384 449 3466 septuagesimo
461 3385 595 3466 septimo
609 3384 726 3452 aetatis
742 3403 824 3450 anno
836 3387 993 3467 regnante
1005 3385 1190 3450 Ptolemaeo
1203 3383 1312 3465 quinto
1324 3383 1503 3465 Epiphane,
1527 3383 1586 3447 hoc
1602 3385 1653 3448 est
1667 3383 1752 3450 inter
1767 3401 1866 3452 annos

129 3513 193 3574 264
208 3494 243 3572 21
260 3502 378 3592 18177),
395 3508 495 3576 22112
507 3510 683 3575 excessisse
695 3509 887 3590 accepimus:
905 3528 983 3592 ergo
998 3510 1026 3575 si
1040 3529 1111 3576 eum
1128 3510 1170 3575 ad
1192 3508 1362 3590 sexaginta
1384 3510 1534 3588 quattuor
1556 3526 1709 3574 annorum
1725 3510 1866 3574 aetatem

127 3636 313 3714 provectum
325 3651 407 3698 anno
420 3653 449 3698 a.
458 3634 516 3700 Ch.
530 3641 591 3701 196
605 3637 814 3702 Eratostheni
822 3635 1016 3726 successisse
1029 3635 1189 3718 sumimus,
1202 3638 1296 3699 natus
1309 3637 1359 3698 221
1371 3651 1454 3699 2222
1467 3637 1542 3715 266,
1555 3605 1696 3698 mortuus
1711 3639 1789 3698 183:
1807 3633 1866 3698 hoo

130 3760 237 3823 autem
259 3757 287 3822 si
310 3776 420 3824 221112
444 3761 504 3842 221,
529 3760 608 3826 nihil
631 3760 752 3828 reicere
769 3762 920 3845 cogimur,
937 3761 1018 3826 nihil
1035 3752 1565 3844 2211122121222111128111112277),
1582 3756 1635 3838 qui
1651 3775 1867 3837 2222221221

127 3901 148 3946 a
170 3881 344 3966 Zenodoto,
369 3869 603 3952 adulescentem
627 3905 647 3951 a
670 3885 874 3971 Callimacho,
898 3889 972 3968 post
994 3886 1035 3952 ab
1057 3885 1275 3951 Eratosthene
1296 3882 1486 3948 instructum
1502 3899 1573 3948 esse
1589 3879 1700 3946 tradit.
1746 3880 1867 3947 Contra

47 3991 49 3996 ¹
126 4002 365 4093 022212277),
390 4009 443 4090 qui
466 4009 534 4075 eius
557 4009 772 4078 2112222212
802 4011 948 4080 delinivit
977 4011 1046 4078 1212
1080 4018 1144 4078 250
1177 4015 1211 4076 21
1245 4015 1318 4090 100,
1350 4025 1413 4074 222
1443 4011 1550 4089 221221
1582 4025 1645 4072 222
1675 4005 1866 4074 contendere

127 4133 307 4142 ———-.-...-—---
313 4136 337 4141 --

285 4200 320 4272 71)
340 4205 370 4262 Si
380 4210 501 4262 tenemus
519 4206 690 4263 2211221122
709 4211 733 4262 l.
751 4224 777 4276 p.
796 4209 868 4275 50,4
886 4223 924 4274 sq.
960 4204 1049 4270 τοῦτον
1068 4204 1098 4257 ds
1116 4207 1217 4275 λέγεται
1236 4206 1270 4257 ἔτι
1288 4205 1387 4273 ἔηηβον
1405 4200 1467 4255 ὄντα
1486 4202 1653 4263 ἐνδείξασθαι
1670 4197 1701 4253 τὰ
1719 4199 1865 4272 Ἀργοναυ-

128 4289 195 4354 ιικιί,
215 4309 373 4363 quamquam
385 4303 464 4352 anteo
478 4295 576 4364 legitur
588 4312 614 4354 2.
626 4298 651 4350 4.
670 4294 721 4364 121
741 4295 770 4347 dl
789 4291 874 4371 1111τό
893 4299 981 4347 ποιεῖν
997 4291 1129 4364 ποιήματα
1148 4292 1276 4368 ἐτράπετο.
1316 4293 1393 4348 Haec
1409 4291 1588 4362 repugnantia
1605 4291 1732 4359 quomodo
1750 4291 1870 4346 extiterit

129 4388 158 4438 21
176 4385 304 4451 quomodo
324 4385 478 4454 explicanda
497 4389 524 4439 et
541 4387 701 4440 removenda
718 4387 761 4454 sit,
779 4385 876 4441 nascio.

285 4469 319 4541 72)
338 4473 412 4529 Suid.
431 4491 452 4531 s.
470 4490 497 4529 v.
511 4473 595 4546 Ἐρατ.
615 4469 734 4542 μαθητὴς
748 4470 896 4542 φιλοσόφου
912 4472 1065 4546 Ἀρίστωνος
1080 4469 1126 4523 2οό
1145 4475 1223 4533 Χίου,
1242 4467 1428 4540 γραμματικοῦ
1447 4467 1477 4520 di
1496 4473 1631 4520 Λυσανίου
1650 4465 1694 4520 τοῦ
1713 4470 1865 4542 Κυρηναίου

127 4561 171 4612 καί
191 4558 370 4632 Καλλιμάχου
388 4560 431 4614 τοῦ
451 4559 567 4626 ποιητοῦ.
584 4563 757 4632 μετεπέμφθη
775 4563 799 4614 d’
817 4563 844 4623 ll}
857 4557 977 4626 ’Ἀθηνῶν
995 4556 1045 4613 tul
1065 4558 1111 4612 τοῦ
1127 4564 1211 4633 τρίτου
1229 4561 1405 4628 Πτολεμαίου.
1421 4591 1429 4612 .
1444 4597 1472 4612 ..
1492 4558 1580 4629 ἐτέχθη
1593 4556 1623 4608 δὲ
1641 4553 1697 4626 ρκς’
1710 4553 1866 4625 ὀλυμπιάδι.

128 4651 272 4706 Praeterea
289 4667 315 4706 2.
333 4654 414 4706 11204
432 4655 459 4706 21
477 4651 509 4707 of.
529 4651 617 4707 Strab.
633 4651 657 4708 1.
674 4649 757 4720 212.
1215 4659 1218 4666 ’
1301 4641 1304 4652 ’

284 4735 318 4810 77)
337 4741 411 4796 Suid.
430 4741 483 4797 1.1.
502 4741 618 4811 διέτριψε
635 4742 715 4810 μέχρι
731 4737 775 4792 τοῦ
794 4742 910 4812 πέμπτου
930 4739 990 4804 (int.
1009 4737 1189 4810 Πτολεμαίου)
1209 4777 1215 4792 .
1236 4781 1241 4792 .
1262 4777 1269 4794 .
1289 4735 1445 4802 ἐτελεύτησεν
1463 4734 1492 4788 π’
1512 4730 1576 4789 ἐτοῖν
1593 4733 1719 4808 γεγονώς.
1757 4735 1866 4790 Censor.

127 4831 160 4885 de
178 4829 289 4886 1112221.
309 4831 351 4884 15.
370 4830 599 4886 Pseudo-Lucium
617 4829 734 4885 Macrob.
752 4831 795 4888 27.

284 4915 318 4986 77)
338 4919 412 4975 Suid.
432 4937 453 4975 s.
471 4936 496 4975 2.
512 4919 641 4992 Ἀριστον).
660 4921 771 4994 προέστη
789 4917 832 4985 τῆς
847 4917 890 4971 τοῦ
909 4920 1034 4986 βασιλέως
1051 4915 1220 4986 βιβλιοθήκης
1235 4916 1290 4986 μετ’
1307 4907 1484 4970 Ἀπολλώνιον
1504 4917 1558 4970 ἔτος
1574 4913 1648 4984 ἄγων
1667 4909 1704 4984 ἔμ’
1718 4909 1865 4980 (212Β17Ε,

126 4999 166 5077 ἔμ’
187 5005 222 5076 A,
241 5004 282 5070 ξδ’
301 5006 372 5076 221).

284 5094 316 5163 77)
335 5097 480 5154 81111111.
499 5099 605 5150 ιίιέτεινε
624 5097 653 5150 dt
671 5100 752 5172 μέχρι
770 5099 936 5168 Πτολεμαίου
958 5093 1139 5168 Φιλοπάτορος
1154 5099 1198 5150 καί
1216 5097 1260 5149 τοῦ
1278 5095 1334 5164 μετ’
1354 5091 1433 5148 αὐτόν
1451 5091 1640 5162 duodecimos.

285 5184 319 5257 77)
338 5189 371 5244 L.
389 5189 407 5245 l.
425 5184 545 5258 μαθητής
561 5184 738 5260 Καλλιμάχου
756 5188 802 5240 καὶ
820 5183 971 5259 Ζηνοδὸτου
991 5179 1072 5256 (dulci
1089 5185 1134 5239 τοῦ
1151 5186 1203 5256 μὲν
1220 5187 1285 5251 νέος,
1303 5181 1347 5236 τοῦ
1365 5183 1395 5237 dl
1412 5188 1475 5238 παῖς
1491 5181 1593 5249 ἢκουσε)
1612 5187 1640 5238 21
1658 5199 1679 5238 S.
1694 5179 1864 5252 2311211221).

124 5269 250 5347 μαθητήν
267 5279 395 5348 ἐπίσημον
412 5269 563 5330 καταλιπών
576 5274 768 5349 Ἀριστοφοίνην
785 5273 831 5329 τὶν
849 5265 1004 5339 Βυζάντιον.

275 5363 309 5434 ⁷⁷)
328 5367 361 5423 L·
380 5367 399 5422 l·
422 5383 449 5436 2.
470 5369 506 5423 50
523 5383 581 5436 sqq.
600 5368 634 5424 21.
651 5384 677 5436 2.
695 5369 739 5422 34.
757 5385 783 5422 n.
802 5369 828 5424 2.
