4388 5772
1215 310 1472 456 ‘m'

1925 489 1927 534 ι

453 565 641 649 magistrum
663 563 763 629 fuisse
786 556 993 646 acuimus20)‚
1006 559 1091 628 inter
1113 561 1284 642 discipulos
1307 579 1429 627 summa
1453 579 1521 626 cum
1545 561 1738 627 auctoritate
1760 535 1930 658 versantis}

455 691 619 772 eripiatur,
643 693 731 754 certe
754 707 814 770 ego
837 687 962 768 quidem
984 705 1082 769 aegre
1114 687 1173 752 sim
1195 687 1416 767 permissurus.
1462 683 1519 750 Ad
1540 685 1787 766 Philadelphum
1814 685 1932 752 instrue

1930 753 1932 760 s

1930 767 1932 774 v

454 823 547 897 patre
569 814 603 880 in
628 814 733 878 aulam
755 813 1011 878 Ptolemaeorum
1040 814 1173 878 vocatus
1197 807 1303 896 ast27),
1339 810 1402 876 nisi
1433 810 1545 876 omnia.
1569 809 1695 894 fallunt,
1728 813 1785 875 aut
1803 785 1935 932 'annal¹

455 941 599 1008 alumnus
622 939 800 1021 quindecim
824 956 923 1005 annos
945 943 1041 1004 uatus
1064 941 1145 1020 erat,
1170 941 1228 1006 aut
1248 937 1319 1004 fere
1340 938 1400 1004 hoc
1423 929 1634 1018 tempor·e²⁸):
1657 940 1764 1000 utrum
1786 933 1937 1012 manserit

1935 1013 1937 1038 l

1936 1039 1938 1060 l

1936 1061 1938 1084 l

454 1085 536 1145 quae
558 1069 610 1130 est
632 1057 876 1147 Schnlzei29),
899 1063 941 1128 R.
964 1058 1215 1149 Koepkei³⁰),
1240 1057 1427 1146 donanim)
1454 1061 1629 1144 sententia,
1659 1078 1700 1126 au
1727 1063 1840 1143 postea
1862 1065 1940 1160 post,

455 1208 555 1256 annos
569 1191 603 1256 in
617 1189 755 1270 patriam
771 1189 913 1272 redierit,
930 1207 992 1254 non
1008 1189 1203 1271 accepimns:
1227 1188 1285 1254 sed
1300 1187 1370 1254 sive
1385 1188 1446 1253 hoe
1460 1185 1531 1254 sive
1546 1185 1626 1251 illud
1640 1184 1819 1266 statuimus,
1836 1176 1942 1264 certcl

456 1321 520 1380 295
544 1319 577 1379 ct
600 1312 743 1394 proximo
771 1317 913 1396 tempore
944 1315 1153 1380 antecedente
1185 1317 1241 1380 ant
1269 1318 1343 1396 post
1373 1331 1489 1378 annum
1516 1311 1585 1378 fere
1616 1317 1679 1377 292
1709 1330 1747 1378 ec
1771 1311 1851 1377 duce
1872 1283 1945 1430 nord

454 1439 638 1522 bucolicum,
664 1442 697 1503 ct
718 1438 797 1504 illud
817 1439 953 1520 qudem,
977 1439 1061 1504 sicut
1083 1439 1159 1521 dixi,
1184 1438 1328 1505 Oouato
1351 1438 1495 1520 aliisque
1519 1455 1631 1504 vorum
1652 1440 1741 1502 recte
1762 1437 1823 1502 boc
1844 1431 1947 1522 Wila]

454 1563 585 1644 placuit.
632 1561 717 1647 Quin
739 1562 836 1630 etiam
859 1582 976 1632 revera
998 1563 1027 1630 si
1049 1563 1178 1630 Fistula
1200 1563 1370 1630 Theocrito
1394 1563 1550 1628 attributa
1571 1563 1711 1646 genuina
1732 1566 1794 1646 est,
1818 1562 1847 1629 si
1864 1523 1950 1674 Lyciii

455 1695 506 1754 cst
528 1687 700 1772 DosiadaS,
725 1691 754 1756 si
776 1689 941 1756 Dosiadae
963 1688 1037 1756 Ara
1058 1694 1092 1756 et
1113 1689 1277 1756 Theocriti
1291 1687 1419 1755 Fistula
1440 1691 1643 1754 monumenta
1666 1686 1872 1754 certaminum
1892 1675 1952 1770 lust

457 1832 573 1895 corum,
597 1813 704 1894 qualia
726 1813 812 1879 inter
833 1815 961 1880 sodales
984 1813 1067 1882 Coos
1090 1814 1335 1896 exercebantur,
1354 1814 1502 1880 habenda
1523 1819 1608 1895 sunt,
1632 1831 1713 1894 quae
1736 1813 1842 1880 omnia
1869 1771 1955 1908 nequl

455 1939 591 2020 probare
613 1957 715 2021 neque
735 1939 918 2020 praefracte
941 1959 1062 2022 negare
1085 1941 1197 2023 audeo,
1221 1957 1332 2007 verum
1353 1940 1452 2006 multo
1475 1943 1583 2006 tamen
1605 1938 1708 2020 magis
1731 1939 1830 2020 probo
1852 1909 1958 2036 quaml¹

1956 2037 1958 2046 c

1956 2047 1958 2056 u

455 2063 538 2144 quod
561 2062 630 2130 sine
652 2063 719 2130 ulla
741 2063 939 2130 dubitatione
962 2063 1109 2148 concedo,
1134 2064 1269 2130 ethaeo
1291 2067 1438 2146 poemata
1466 2067 1500 2129 et
1521 2063 1742 2146 Lycophronis
1770 2061 1960 2156 Alexandra

456 2188 650 2256 Dosiadeam
672 2185 842 2274 salutar)
866 2193 901 2256 et
922 2189 1073 2257 Simmiae
1095 2189 1350 2271 technopaegnia
1377 2193 1411 2254 et
1439 2189 1572 2256 Moerus
1601 2167 1704 2254 Dirae
1737 2193 1771 2254 et
1800 2157 1963 2312 Alexand«

455 2331 538 2392 quae
569 2313 634 2378 alia
665 2315 742 2380 tunc
774 2314 963 2394 prodierunt
995 2315 1077 2381 mira
1107 2315 1219 2382 similis
1252 2314 1379 2397 generis
1414 2315 1552 2380 artificia
1586 2315 1712 2395 poetica
1745 2315 1847 2380 eidem
1882 2313 1965 2408 aetat

456 2437 748 2522 Alexandrinorum
771 2440 1012 2522 antiquissimae
1034 2445 1109 2508 sunt
1130 2441 1335 2523 assignanda,
1360 2439 1445 2506 baud
1467 2439 1620 2520 procula
1642 2457 1722 2506 vera
1743 2439 1869 2504 ratione
1892 2409 1968 2532 aber}

457 2561 774 2630 Wilamowitzius
797 2563 830 2630 in
853 2565 1001 2649 numeria,
1026 2567 1139 2648 quibus
1161 2565 1252 2631 Arae
1274 2566 1360 2632 illius
1384 2565 1553 2648 originem,
1575 2565 1635 2630 hoc
1658 2565 1764 2630 autem
1793 2565 1885 2630 simul
1908 2551 1970 2642 estl

455 2688 619 2753 subductis
641 2693 794 2770 tempora,
819 2707 877 2769 per
899 2709 981 2769 quae
1004 2689 1193 2756 Theocritus
1216 2691 1251 2756 in
1273 2689 1319 2756 On
1341 2689 1447 2756 insula
1469 2689 1561 2770 vixit,
1597 2688 1856 2772 circumscripsit,
1890 2647 1973 2784 eund

456 2816 531 2876 270.
577 2809 733 2878 Attamen
756 2831 839 2877 nunc
861 2813 918 2894 eis,
942 2814 1054 2894 quibus
1077 2819 1148 2880 orta
1170 2819 1244 2880 sunt
1266 2813 1327 2880 duo
1354 2814 1411 2880 illa
1437 2814 1593 2882 Hieronis
1620 2820 1654 2880 et
1679 2814 1886 2896 Philadelphi
1913 2785 1976 2902 enci,

457 2935 638 3001 accuratius
661 2935 800 3003 definitis
822 2937 951 3020 ultimus
973 2939 1128 3006 terminus
1151 2959 1213 3006 non
1240 2940 1274 3005 iu
1296 2946 1377 3023 270,
1408 2939 1466 3006 sed
1495 2944 1583 3005 certe
1611 2939 1674 3006 iam
1706 2939 1740 3004 in
1767 2944 1841 3024 274,
1866 2913 1978 3022 probol¹

456 3058 518 3125 nisi
547 3057 656 3142 fallor,
685 3060 804 3126 iamin
832 3068 896 3130 280
927 3081 1010 3128 enno
1043 3065 1244 3132 coliocandus
1275 3069 1309 3130 et
1338 3065 1478 3131 fortasse
1506 3083 1564 3149 pro
1594 3071 1768 3132 285--270
1797 3065 1904 3146 potius
1936 3031 1981 3164 29³,

457 3183 561 3250 dicam
584 3191 770 3268 aaa—285,
793 3187 994 3254 scribendum
1017 3193 1076 3254 est.
1122 3189 1209 3256 Nam
1239 3209 1322 3256 nuuc
1351 3190 1477 3272 quidem
1506 3189 1727 3274 unusquisque,
1759 3191 1812 3272 qui
1835 3173 1984 3292 Vahlen

456 3308 594 3374 ationes
616 3311 741 3393 probat,
766 3309 863 3378 ctiam
887 3317 996 3378 cetera
1018 3314 1183 3381 Theocriti
1206 3316 1357 3398 carmina,
1380 3335 1462 3397 quae
1484 3335 1547 3382 non
1569 3315 1803 3400 Alexandriae,
1828 3316 1886 3382 scd
1911 3315 1945 3382 in
1974 3315 1986 3392 d

457 3433 574 3514 partim
597 3433 736 3500 fortasse
758 3435 791 3502 in
814 3437 939 3520 Magna
962 3437 1104 3506 Graecia
1113 3436 1154 3526 ³⁵)
1178 3441 1363 3526 extiterunt,
1387 3461 1451 3509 non
1473 3440 1702 3523 posterioribus
1718 3445 1833 3523 poetae
1849 3441 1951 3524 annis,
1968 3415 1989 3556 a}

456 3575 543 3639 quos,
567 3556 596 3623 si
618 3557 694 3639 quid
716 3559 819 3642 video,
844 3579 862 3626 c
885 3561 931 3628 Oe
953 3563 1056 3630 redux
1078 3567 1256 3647 complures
1278 3567 1312 3632 in
1326 3567 1435 3649 patria
1449 3567 1586 3651 peregit,
1602 3567 1767 3648 impertire
1782 3567 1890 3632 malet
1936 3557 1990 3632 Mil

456 3699 539 3764 nego
561 3683 702 3763 potuisse
724 3703 795 3750 eum
818 3686 916 3752 etiam
939 3692 1011 3768 post
1033 3689 1180 3758 Philetae
1203 3696 1346 3774 mortem,
1375 3711 1444 3758 cum
1471 3691 1587 3773 ubique
1609 3691 1775 3759 saevirent
1795 3691 1974 3756 atrocissim

456 3803 583 3886 aliquod
606 3811 729 3888 tempus
750 3809 785 3876 in
807 3810 916 3890 quieta
937 3812 994 3878 illa
1016 3813 1122 3880 insula
1148 3836 1286 3884 manere.
1332 3817 1493 3884 Philetam
1521 3821 1644 3900 autem,
1675 3823 1712 3884 ut
1737 3817 1906 3900 regrediar
1937 3789 1998 3882 ad

456 3928 669 4014 refutandum,
693 3947 881 4014 quamquam
904 3955 974 4002 eum
998 3944 1129 4020 propter·
1152 3941 1350 4008 debilitatem
1374 3944 1515 4024 corporis
1538 3943 1579 4008 ad
1607 3959 1760 4010 summam
1789 3960 1888 4026 usque
1917 3959 1994 4008 sene

455 4052 560 4120 videri
583 4073 786 4138 progressum
810 4077 881 4126 esse
904 4061 944 4126 R.
970 4059 1207 4151 Schulzeossss)
1231 4067 1379 4148 concedo,
1403 4067 1472 4134 fere
1496 4069 1536 4134 ab
1560 4087 1642 4134 anne
1666 4073 1730 4135 340
1739 4062 1781 4154 87)
1804 4087 1903 4150 usque
1926 4070 1968 4134 ad
1991 4073 2000 4164 t

610 4299 646 4371 20)
666 4305 740 4361 Suid.
758 4323 780 4362 e.
798 4321 825 4362 v.
845 4304 997 4371 Ζηνόδοτος.
1017 4311 1104 4368 Sobel.
1124 4313 1235 4370 Nicand.
1253 4314 1332 4373 Ther.
1351 4320 1377 4384 3,
1397 4316 1430 4373 cf.
1448 4333 1474 4372 n.
1493 4318 1537 4372 83.

611 4387 647 4458 27)
666 4392 740 4450 Βῐιίίί.
759 4411 781 4450 a.
799 4409 825 4450 v.
846 4393 966 4459 Φιλητᾶς.
990 4399 1092 4468 ἐγένετο
1112 4399 1141 4451 δι’
1159 4401 1204 4453 καὶ
1223 4400 1444 4458 caestuscaestus
1463 4405 1583 4474 δευτέρου
1603 4407 1778 4474 Πτολεμαίου.

612 4475 648 4548 ²⁸)
666 4483 702 4538 V.
721 4483 803 4539 Rud.
821 4483 972 4542 Schulze.
1009 4487 1184 4556 Quaestiones
1202 4493 1461 4562 Hermesienacteae,
1479 4495 1556 4564 Lips.
1574 4493 1808 4552 abacorum.
1845 4493 1932 4565 (Dias.
1944 4497 2000 4555 Bon

454 4565 594 4623 Consentit
611 4569 761 4628 Onustus
778 4572 796 4628 l
815 4573 832 4628 l.
850 4589 877 4643 p.
895 4577 939 4631 35.

609 4654 646 4727 ²⁹)
664 4661 697 4716 L.
715 4661 733 4716 l.
750 4677 777 4730 p.
796 4665 831 4716 12
849 4679 888 4732 sq.

612 4743 844 4818 &Luem

610 4833 647 4905 δι)
664 4838 698 4894 n.
715 4838 733 4894 1.
752 4856 779 4908 p.
797 4843 832 4895 ao
851 4837 943 4909 (sans
960 4843 1078 4913 donau.
1096 4848 1140 4901 ss.
1157 4849 1201 4903 41.

610 4921 646 4991 ⁸²)
665 4927 708 4982 De
725 4929 843 4998 Lycoph.
861 4929 907 4987 Al.
925 4933 943 4989 l.
961 4933 979 4988 l.

608 5009 645 5080 ⁸⁸)
664 5016 726 5085 Qua
742 5018 776 5072 de
793 5035 823 5074 re
841 5019 875 5076 ci.
895 5021 1132 5080 Wilamowitn.
1150 5025 1168 5082 l.
1186 5026 1204 5082 l.

609 5099 645 5172 θ’)
663 5105 748 5162 Velut
764 5107 816 5164 XI.
835 5109 898 5166 vid.
916 5126 943 5166 v.
962 5115 1005 5167 11.

610 5187 645 5260 15)
664 5195 695 5250 Si
713 5197 745 5252 de
762 5194 819 5256 1v⁰
836 5203 865 5253 et
882 5197 923 5256 V⁰
940 5217 955 5255 e
972 5219 1069 5260 scaeua
1086 5203 1135 5258 boc
1152 5204 1309 5261 concludere
1326 5205 1399 5262 licet.

610 5277 646 5348 ⁰⁸)
663 5283 697 5337 L.
714 5285 734 5340 l.
751 5300 778 5353 p.
797 5291 841 5344 13.
859 5289 894 5344 14
911 5304 950 5358 sq.
