4388 5772
1848 254 1849 262 ¹
1943 240 1946 294 1

1330 323 1400 394 XV
1945 329 1948 408 l

1262 413 1385 433 ⁷*'”“
1428 415 1470 428 ”·
1946 409 1949 486 l

500 535 658 600 Zenodoti
683 531 851 616 disciplina
874 553 943 600 eum
967 553 1136 616 nunquam,
1162 533 1352 602 Callimachi
1374 555 1514 620 puerum,
1546 535 1772 602 Eratosthenis
1796 487 1952 634 1011111111ς

498 659 628 724 Etenim
662 659 690 723 si
725 655 1375 746 11111110οο011οο11111078)Ζοηο(1ο111111,
1399 659 1737 741 cum'Philadelphum
1767 663 1861 744 pater
1894 635 1954 744 eici

499 785 618 852 socium
642 803 724 850 anno
748 791 822 867 205,
846 785 982 868 triginta
1005 785 1141 867 quinque
1163 787 1217 852 vel
1241 786 1455 868 quadraginta
1477 805 1629 852 annorum
1653 785 1752 852 fuisse
1775 759 1956 866 statuimusi

500 909 611 974 eodem
635 909 705 976 viro
728 909 908 976 doctissimo
932 929 1003 976 eum
1026 909 1118 974 anuis
1136 910 1206 976 iere
1231 915 1415 993 324-320,
1440 911 1515 990 quin
1542 910 1634 976 immo
1664 911 1693 975 si
1716 911 1812 976 etiam
1835 865 1960 1036 11103111)

499 1053 569 1098 eum
592 1033 656 1098 iam
680 1033 770 1098 annis
794 1040 973 1100 330-325
997 1033 1030 1099 in
1053 1035 1156 1102 lucem
1188 1035 1308 1101 editum
1341 1006 1419 1102 esse
1445 1040 1601 1119 putamus,
1634 1039 1741 1102 tamen
1774 1035 1853 1102 nihil
1884 1037 1961 1128 proli

499 1156 599 1226 vitam
623 1159 796 1240 perducere
818 1160 958 1242 potnerit
982 1161 1024 1226 ad
1047 1159 1272 1243 octogesimum
1297 1161 1438 1242 quintum
1462 1161 1579 1226 aetatis
1602 1179 1717 1226 annum
1735 1165 1883 1232 ‚mortuus
1912 1129 1964 1248 feri

501 1290 564 1348 245
587 1285 640 1351 vel
664 1279 787 1368 24079).
812 1281 1024 1350 Aristarchus
1047 1288 1167 1368 autem,
1200 1268 1273 1351 utut
1301 1289 1445 1368 tempora
1477 1287 1668 1370 ordinemus,
1700 1283 1928 1368 Aristophanis
1962 1283 1965 1330 ¹

498 1427 567 1474 cnm
589 1409 617 1474 is
639 1409 703 1474 iam
727 1414 812 1475 esset
834 1409 1016 1476 metm-ioris
1039 1411 1171 1476 aetatis:
1220 1416 1313 1478 natus
1346 1412 1429 1478 enim
1462 1413 1548 1478 inter
1578 1429 1678 1476 annos
1711 1417 1774 1477 217
1808 1413 1842 1474 et
1874 1383 1969 1514 2131Ι

502 1553 601 1600 annos
627 1541 688 1602 145
713 1539 746 1601 et
771 1541 832 1601 143
845 1531 896 1620 ⁸⁰),
921 1535 1047 1602 etiamsi
1070 1537 1102 1602 iu
1125 1533 1353 1620 Aristophanis
1376 1539 1485 1603 aetate
1509 1535 1751 1602 dete1minauda
1765 1535 1921 1602 vellemus
1938 1517 1970 1600 01

1969 1598 1972 1669 l

501 1663 587 1725 certe
610 1659 744 1742 triginta
766 1661 868 1726 trihus
891 1661 982 1727 amris
1006 1663 1064 1727 hoc
1087 1661 1157 1727 viro
1180 1661 1282 1727 minor
1305 1666 1385 1744 erat,
1418 1679 1520 1744 neque
1551 1667 1659 1727 tamen
1690 1660 1795 1744 video,
1828 1660 1902 1740 quid
1934 1661 1974 1778 11)

502 1783 606 1865 potius
629 1804 659 1850 a.
684 1784 741 1852 011.
766 1785 835 1852 fere
859 1792 933 1867 200,
958 1805 1027 1850 cum
1050 1785 1278 1868 sexagenarius
1301 1786 1364 1852 iam
1388 1791 1474 1853 esset
1496 1789 1693 1869 praeceptor,
1717 1785 1770 1852 vel
1792 1785 1886 1866 paulo
1910 1789 1976 1870 anta

1974 1871 1976 1888 1

501 1909 651 1992 draginta
666 1909 801 1991 quinque
817 1928 909 1991 quam
924 1911 979 1976 ille
1002 1911 1112 1994 mmor,
1137 1911 1243 1977 factus
1267 1912 1390 1979 demum
1414 1913 1457 1978 sit
1479 1912 1564 1977 illius
1588 1911 1773 1994 discipulus.
1818 1910 1910 1995 Quae
1933 1889 1978 1998 oui

501 1999 554 2115 qui
575 2054 677 2116 nuper
700 2035 740 2100 de
763 2039 875 2118 quarto
899 2035 1127 2119 Aristophanis
1150 2037 1305 2120 magistro
1328 2037 1513 2120 Euphronio
1537 2035 1763 2102 Chersonesita
1784 2035 1910 2100 ratione
1933 2003 1981 2154 adi¹

500 2161 558 2228 bili
583 2161 660 2246 egit,
685 2161 853 2229 commilito
875 2167 984 2228 noster
1007 2163 1174 2229 Carolus
1198 2164 1425 2232 Stechertus
1435 2157 1488 2246 81),
1519 2165 1624 2226 utrum
1646 2160 1729 2232 idem
1752 2164 1865 2240 postea
1885 2155 1982 2224 fierit

1980 2215 1984 2288 l

503 2285 690 2352 Aristarchi
713 2291 912 2372 praeceptor,
937 2307 999 2354 non
1024 2289 1161 2354 debebat
1184 2290 1244 2354 hoo
1266 2289 1299 2355 in
1321 2287 1425 2354 medio
1448 2287 1627 2366 relinquere
1650 2283 1719 2367 (rix
1735 2285 1817 2350 enim
1835 2285 1986 2406 proiecto}

502 2411 640 2476 debehat
662 2412 764 2477 locum
788 2415 968 2493 corruptum
994 2413 1099 2480 Schol.
1124 2410 1158 2477 A
1180 2414 1361 2494 Hephaest.
1385 2433 1415 2494 p.
1441 2417 1484 2478 64
1509 2410 1614 2479 Gaisi.
1639 2407 1683 2494 (p.
1711 2417 1783 2494 188,
1798 2417 1838 2476 22
1856 2430 1923 2491 sqq.
1946 2407 1988 2484 W

505 2531 541 2597 de*
565 2531 612 2600 ὅτι
634 2532 746 2601 τούτου
769 2536 824 2602 τοῦ
847 2533 1053 2619 Εὐφορίωνος
1077 2539 1204 2618 γέγονεν
1227 2533 1380 2624 ἀκροατής
1400 2535 1592 2620 Ἀρίσταρχος
1617 2529 1636 2599 o‘
1661 2532 1882 2619 γραμματικός,
1917 2533 1954 2600 οὐ
1985 2517 1990 2622 j

503 2654 607 2745 φάνης
629 2659 684 2742 τοῦ
706 2659 761 2724 τοῦ
784 2661 960 2740 Βοζαοοίοο
983 2661 1029 2726 ita
1052 2661 1228 2744 corrigere,
1253 2665 1289 2726 nt
1321 2681 1390 2727 cnm
1413 2661 1585 2744 Bergkio
1607 2661 1764 2726 scriberet
1784 2623 1993 2768 Ἀριστοφάνη)

502 2784 560 2849 sed
581 2789 618 2850 nt
640 2804 710 2850 cum
733 2785 976 2868 Westphalio
999 2785 1095 2851 etiam
1120 2787 1266 2852 ductibus
1290 2785 1467 2852 litterarum
1492 2786 1621 2851 traditis
1636 2785 1734 2852 multo
1751 2786 1853 2868 magis
1870 2769 1995 2878 conveni

503 2903 624 2990 φόνους
647 2910 701 2973 τοῦ
724 2911 917 2990 Βοζαντίοοι
940 2929 1014 2976 nam
1037 2910 1065 2976 si
1088 2911 1162 2991 quid
1186 2911 1286 2995 sapiu,
1311 2911 1423 2977 vitium
1447 2911 1521 2976 inde
1545 2915 1595 2976 est
1618 2914 1730 2990 ortum,
1754 2909 1838 2990 quod
1861 2878 1998 3006 nominui

502 3031 535 3096 in
558 3052 698 3100 errorem
720 3033 842 3100 inducti
866 3033 1117 3118 Aristophanem
1142 3039 1382 3103 commutabant
1404 3056 1474 3102 cnm
1497 3035 1701 3118 Aristarcho,
1727 3053 1795 3100 cum
1818 3053 1934 3101 revera
1956 3007 2001 3162 nii.

503 3157 602 3223 ditum
626 3164 713 3225 esset
735 3159 798 3226 nisi
819 3160 906 3226 illum
931 3161 971 3224 ab
987 3161 1192 3243 Euphorione
1214 3182 1337 3244 qnoque
1360 3181 1447 3229 essse
1469 3163 1664 3244 institutum,
1688 3159 1786 3229 semel
1810 3178 1886 3226 vero
1909 3159 2003 3276 illiusl³

503 3283 665 3364 supposito
688 3284 784 3350 facile
813 3285 885 3351 fieri
912 3289 1030 3369 posset,
1063 3292 1100 3352 ut
1131 3288 1194 3354 iarn
1230 3289 1439 3355 adnotaretur
1471 3307 1534 3354 non
1557 3287 1656 3352 solum
1680 3283 1909 3366 Aristophanis
1932 3277 2006 3418 audi

503 3406 737 3493 Aristarchum,
761 3429 872 3476 rerum
896 3411 992 3476 etiam
1014 3411 1237 3492 Euphorionis.
2004 3419 2008 3510 l

662 3535 811 3616 Denique
833 3536 1133 3604 Hermesianactem
1156 3558 1215 3623 ego
1239 3559 1360 3622 quoque
1383 3560 1402 3606 e
1423 3539 1582 3622 prioribus
1605 3537 1705 3604 fuisse
1728 3537 1823 3604 credo
1845 3511 2010 3628 Philotam,

504 3665 634 3741 propter
657 3665 878 3744 argumentum
901 3682 921 3728 a
943 3664 985 3729 R.
1010 3661 1250 3751 Sohulze082)
1273 3666 1415 3749 allatum,
1441 3665 1524 3746 quod
1546 3664 1632 3730 haud
1653 3663 1730 3730 mihi
1753 3663 1918 3728 admodum
1947 3629 2012 3738 firm*

501 3784 575 3863 quia
590 3804 653 3850 non
668 3786 767 3852 solum
783 3783 947 3872 γνώριμος,
972 3789 1030 3854 sed
1053 3789 1150 3856 etiam
1174 3790 1266 3873 φίλος
1290 3791 1333 3876 τῷ
1359 3791 1482 3878 meiuod
1505 3784 1753 3873 per-hitetu1·⁸³),
1777 3784 1835 3852 sed
1857 3790 1988 3868 propter
2011 3739 2016 3906 i

501 3909 663 3976 Pausania
685 3911 713 3994 I,
738 3919 768 3995 8,
785 3919 801 3978 7
816 3909 867 3997 (0)
891 3913 1053 3979 nobiscum
1077 3915 1349 4000 communicatum,
1374 3917 1466 4000 quod,
1495 3915 1640 3996 quamvis
1672 3931 1689 3978 e
1721 3912 1848 3978 silentio
1880 3909 2017 4020 petitum}

501 4052 571 4100 esse
594 4039 679 4117 puto,
704 4035 774 4102 dico
798 4038 927 4104 tertium
951 4042 984 4104 et
1007 4039 1150 4106 ultimum
1173 4041 1304 4108 Leontii
1336 4041 1450 4108 librum
1480 4040 1632 4120 scriptum
1661 4056 1732 4104 esse
1762 4041 1838 4102 crite
1869 4036 2017 4117 Colophoi

606 4145 711 4152 σι.-

658 4175 682 4214 ³⁸
713 4180 745 4235 Ii.
764 4179 782 4234 l.
821 4183 890 4236 .34.

659 4177 694 4336 ⁷⁹}
713 4197 843 4325 Sufflatps·
855 4287 880 4324 v·
903 4267 1051 4334 Ζηνόδοτος
1066 4277 1207 4342 postquam
1225 4275 1292 4330 dixit
1310 4276 1474 4330 Zenodotum
1493 4273 1647 4330 Ptolemaeo
1658 4271 1742 4340 primo
1754 4257 1883 4341 regnante
1895 4267 2017 4338 vixisse(

501 4347 624 4423 γεγονώς
640 4357 685 4408 τοῦ
702 4356 826 4428 πρώτου),
844 4361 912 4416 fflios
929 4361 1002 4430 regis
1019 4361 1051 4416 ab
1070 4380 1101 4418 00
1120 4365 1244 4419 educatos
1264 4381 1322 4420 esse
1340 4365 1430 4430 refert,
1444 4363 1487 4415 κοὶ
1505 4351 1565 4416 runt
1579 4362 1674 4415 παῖδας
1691 4363 1858 4430 Πτολεμαίου
1871 4362 2017 4414 inebriaverit

500 4442 528 4498 id
546 4445 616 4512 quod
633 4452 722 4502 monet
740 4448 886 4505 Corratas
904 4450 921 4506 l.
939 4451 957 4506 l.
975 4467 1001 4520 p.
1020 4454 1054 4507 33
1073 4455 1101 4508 et
1118 4467 1143 4522 p.
1162 4455 1205 4508 et.
1224 4470 1250 4510 u.
1269 4457 1294 4522 2,
1314 4459 1361 4510 ant
1378 4452 1547 4521 Philadelphi
1571 4452 1618 4508 filii
1643 4455 1690 4507 eut
1713 4451 1839 4508 confusus
1865 4455 1906 4506 est
1924 4467 1983 4505 cnm
2002 4450 2017 4506 l

500 4533 704 4603 Philadelphum
721 4537 884 4596 instruxerit.

660 4621 694 4693 81))
714 4625 810 4682 Refert
828 4629 861 4682 de
879 4645 909 4684 eo
928 4629 1024 4686 Suidas
1044 4649 1065 4686 s.
1084 4647 1109 4686 v.
1129 4633 1293 4702 Ἀρίσταρχος
1308 4633 1385 4686 haec:
1421 4627 1521 4699 τελευτᾷ
1541 4627 1566 4682 δ’
1587 4631 1614 4682 ἓν
1635 4626 1732 4703 Κύπρῳ
1747 4625 1838 4680 ἑαυτὸν
1852 4622 2017 4697 ὑπεξογογώι

500 4709 570 4782 νόσῳ
590 4707 621 4784 τῇ
639 4713 737 4786 ddpom
754 4717 870 4784 ληφθείς.
909 4719 1026 4788 Cyprum
1043 4730 1132 4776 antem
1157 4721 1228 4776 haud
1252 4721 1330 4776 dubie
1354 4726 1465 4776 venerat
1489 4720 1626 4789 profugus,
1655 4735 1713 4775 cnm
1737 4719 1906 4775 Ptolemaeus
1928 4718 1985 4772 VII
2012 4718 2017 4772 3

499 4802 598 4870 potitus
615 4803 706 4859 fratris
723 4804 776 4860 filio
794 4803 943 4863 Aristarchi
961 4809 1066 4864 alumno
1085 4809 1223 4864 interfecto
1243 4810 1321 4864 etiam
1340 4809 1456 4864 fautores
1474 4825 1564 4866 omnes
1582 4815 1610 4864 et
1633 4810 1729 4864 amicos
1752 4809 1828 4878 pueri
1852 4813 2017 4878 persequcrot

499 4891 658 4949 Schmidt.
682 4893 711 4948 in
728 4895 827 4952 Philol.
850 4895 918 4953 VII.
945 4901 1022 4953 1852.
1048 4915 1074 4968 p.
1093 4901 1155 4954 305.
1190 4900 1333 4968 Lepsins
1356 4900 1446 4954 Ueber
1469 4899 1557 4968 einige
1581 4899 1743 4968 Ergehnisse
1767 4901 1813 4953 der
1843 4898 2017 4966 Aegyptisoht

499 4982 586 5038 Berol.
604 4982 809 5052 MDCOOLIH,
829 5001 856 5054 p.
874 4989 918 5042 49.

659 5070 694 5142 81)
712 5075 755 5129 Do
772 5076 945 5144 Lycophrona
963 5077 1117 5145 Euphronio
1136 5078 1315 5134 Eratosthene
1334 5079 1490 5132 comicorum
1502 5077 1700 5146 interpretibus,
1713 5077 1814 5146 Gryph.
1827 5075 2017 5131 MDCCOLXl

658 5157 693 5228 8Β)
711 5165 744 5219 L.
763 5165 781 5220 l.
801 5181 828 5233 p.
849 5169 890 5220 12.
928 5167 1039 5234 Repetit
1058 5167 1206 5222 Conatns
1224 5168 1241 5222 1.
1261 5167 1279 5224 l.
1298 5184 1324 5236 p.
1344 5171 1387 5222 32.
1406 5170 1448 5223 35.

657 5247 692 5321 8¹³)
711 5253 798 5310 Schol.
816 5257 927 5312 Nicand.
947 5256 1026 5312 Ther.
1045 5262 1070 5312 3.
1089 5255 1102 5306 i
1119 5255 1298 5330 Ἐρμηοίονοξ·
1316 5247 1408 5324 [οὗτος]
1429 5258 1505 5324 φίλος
1521 5251 1557 5325 τῷ
1576 5251 1676 5327 Φιληιᾷ
1695 5254 1740 5306 καὶ
1758 5250 1895 5325 γνώριμος
1910 5247 1952 5316 ἦν.
